




@inbook{rob2004databases,
	title={Базы данных: концепции, технологии, применение},
	author={Роб, П. and Коронелл, К.},
	year={2004},
	publisher={БХВ-Петербург: Вильямс},
	pages={15}
}

@inbook{OLAP,
	title={Хранилища данных},
	author={Архипенков, С. Я. and Голубев, Д. В. and Максименко, О. Б.},
	year={2002},
	publisher={Диалог-МИФИ},
	address = {Москва},
	pages={105}
}

@book{OLTP,
	title={Хранилища данных},
	author={Архипенков, С. Я. and Голубев, Д. В. and Максименко, О. Б.},
	year={2002},
	publisher={Диалог-МИФИ},
	address = {Москва},
	pages={106}
}

@misc{Antivor,
	title ={Антивор},
	howpublished = {\url{https://antivor.ru/}},
	year = {дата обращения: 31.03.2023}
}

@misc{VOROLOV,
	title ={Антивор},
	howpublished = {\url{https://vorolov.ru/schetchiki-posetitelej/}},
	year = {дата обращения: 31.03.2023}
}

@misc{Navigine,
	title ={Navigine},
	howpublished = {\url{https://nvgn.ru/platform/tracking/}},
	year = {дата обращения: 31.03.2023}
}

@misc{most_popular,
	title ={The Most Popular Databases for 2022},
	author = {LearnSQL},
	howpublished = {\url{https://learnsql.com/blog/most-popular-databases-2022/}},
	year = {дата обращения: 01.05.2023}
}

@misc{mysql,
	title ={MySQL},
	howpublished = {\url{https://www.mysql.com/}},
	year = {дата обращения: 01.05.2023}
}

@book{postgresql,
	title={Postgres: первое знакомство},
	author={Лузанов, П. and Рогов, Е. and Лёвшин, И.},
	year={2002},
	publisher={Диалог-МИФИ},
	address = {Москва},
	pages={90}
}

@misc{sqlite,
	title ={SQLite},
	howpublished = {\url{https://www.sqlite.org/}},
	year = {дата обращения: 01.05.2023}
}

@misc{python,
	title ={Python},
	howpublished = {\url{https://www.python.org/}},
	year = {дата обращения: 01.05.2023}
}

@misc{vscode,
	title ={Vscode},
	howpublished = {\url{https://code.visualstudio.com/insiders/}},
	year = {дата обращения: 01.05.2023}
}

@misc{API,
	title ={API},
	howpublished = {\url{https://www.ibm.com/topics/api}},
	year = {дата обращения: 01.05.2023}
}

@misc{fastapi,
	title ={FastAPI},
	howpublished = {\url{https://fastapi.tiangolo.com/}},
	year = {дата обращения: 01.05.2023}
}

@misc{popos,
	title ={PopOs},
	howpublished = {\url{https://pop.system76.com/}},
	year = {дата обращения: 01.05.2023}
}

@misc{Linux,
	title ={Linux},
	howpublished = {\url{https://www.linux.org/pages/download/}},
	year = {дата обращения: 01.05.2023}
}